

@article{cura2017old,
  title={The old and the new: qualifying city systems in the world with classical models and new data},
  author={Cura, Robin and Cottineau, Cl{\'e}mentine and Swerts, Elfie and Antonio Ignazzi, Cosmo and Bretagnolle, Anne and Vacchiani-Marcuzzo, Celine and Pumain, Denise},
  journal={Geographical Analysis},
  volume={49},
  number={4},
  pages={363--386},
  year={2017},
  publisher={Wiley Online Library}
}



@article{reuillon2013openmole,
  title={OpenMOLE, a workflow engine specifically tailored for the distributed exploration of simulation models},
  author={Reuillon, Romain and Leclaire, Mathieu and Rey-Coyrehourcq, Sebastien},
  journal={Future Generation Computer Systems},
  volume={29},
  number={8},
  pages={1981--1990},
  year={2013},
  publisher={Elsevier}
}

@article{sanders1997simpop,
  title={SIMPOP: a multiagent system for the study of urbanism},
  author={Sanders, Lena and Pumain, Denise and Mathian, H{\'e}lene and Gu{\'e}rin-Pace, France and Bura, Stephane},
  journal={Environment and Planning B: Planning and design},
  volume={24},
  number={2},
  pages={287--305},
  year={1997},
  publisher={SAGE Publications Sage UK: London, England}
}


@article{pumain1997pour,
  title={Pour une th{\'e}orie {\'e}volutive des villes},
  author={Pumain, Denise},
  journal={L'Espace g{\'e}ographique},
  pages={119--134},
  year={1997},
  publisher={JSTOR}
}

@inproceedings{raimbault:hal-04257814,
  TITLE = {{Validation of geosimulation models: a systematic review}},
  AUTHOR = {Raimbault, Juste},
  URL = {https://hal.science/hal-04257814},
  BOOKTITLE = {{European Colloquium on Theoretical and Quantitative Geography 2023}},
  ADDRESS = {Braga, Portugal},
  ORGANIZATION = {{Universities of Coimbra and Porto}},
  YEAR = {2023},
  MONTH = Sep,
  KEYWORDS = {Systematic review ; Validation ; Geosimulation models},
  PDF = {https://hal.science/hal-04257814v1/file/ECTQG2023_SessionTheoreticalGeography2_20230915_Raimbault.pdf},
  HAL_ID = {hal-04257814},
  HAL_VERSION = {v1},
}

@inproceedings{raimbault:halshs-02441891,
  TITLE = {{Validation levels and standards depending on models types and functions}},
  AUTHOR = {Raimbault, Juste},
  URL = {https://shs.hal.science/halshs-02441891},
  BOOKTITLE = {{Conference on Complex Systems 2019 - SIMEXPLO II Satellite}},
  ADDRESS = {Singapore, Singapore},
  ORGANIZATION = {{ISC-PIF}},
  YEAR = {2020},
  MONTH = Jan,
  KEYWORDS = {Applied perspectivism ; Model function ; Sensitivity analysis ; Simulation models ; Model validation},
  HAL_ID = {halshs-02441891},
  HAL_VERSION = {v1},
}

@inproceedings{raimbault:halshs-02284848,
  TITLE = {{A meta-analysis of models for interactions between transportation networks and territories}},
  AUTHOR = {Raimbault, Juste},
  URL = {https://shs.hal.science/halshs-02284848},
  BOOKTITLE = {{ECTQG 2019 Book of Abstracts, ISBN 978-2-9199594-0-2}},
  ADDRESS = {Mondorf, Luxembourg},
  EDITOR = {Luxembourg Institute of Socio-economic Research},
  SERIES = {ECTQG 2019 Book of Abstracts, ISBN 978-2-9199594-0-2},
  YEAR = {2019},
  MONTH = Sep,
  KEYWORDS = {Network-territories interaction models ; Systematic review ; COMACT ; PARIS team ; Meta-analysis},
  HAL_ID = {halshs-02284848},
  HAL_VERSION = {v1},
}


@inproceedings{raimbault2018extracting,
  title={Extracting knowledge from simulation models: trends and perspectives from the viewpoint of quantitative geography},
  author={Raimbault, Juste},
  booktitle={Conference on Complex Systems 2018},
  year={2018}
}

@inproceedings{raimbault2017invisible,
  title={Invisible bridges? scientific landscapes around similar objects studied from economics and geography perspectives},
  author={Raimbault, Juste},
  booktitle={European Colloquium in Theoretical and Quantitative Geography 2017},
  year={2017}
}

@inproceedings{raimbault2017co,
  title={Co-construire Mod{\`e}les, Etudes Empiriques et Th{\'e}ories en G{\'e}ographie Th{\'e}orique et Quantitative: le cas des Interactions entre R{\'e}seaux et Territoires},
  author={Raimbault, Juste},
  booktitle={Treizi{\`e}mes Rencontres de Th{\'e}oQuant},
  year={2017}
}

@article{raimbault2021empowering,
  title={Empowering open science with reflexive and spatialised indicators},
  author={Raimbault, Juste and Chasset, Pierre-Olivier and Cottineau, Cl{\'e}mentine and Commenges, Hadrien and Pumain, Denise and Kosmopoulos, Christine and Banos, Arnaud},
  journal={Environment and Planning B: Urban Analytics and City Science},
  volume={48},
  number={2},
  pages={298--313},
  year={2021},
  publisher={SAGE Publications Sage UK: London, England}
}

@article{cuyala2016spatial,
  title={The spatial diffusion of geography: A bibliometric analysis of ECTQG conferences (1978-2013)},
  author={Cuyala, Sylvain},
  journal={Cybergeo: European Journal of Geography},
  year={2016},
  publisher={CNRS-UMR G{\'e}ographie-cit{\'e}s 8504}
}


@article{raimbault2019exploration,
  title={Exploration of an interdisciplinary scientific landscape},
  author={Raimbault, Juste},
  journal={Scientometrics},
  volume={119},
  number={2},
  pages={617--641},
  year={2019},
  publisher={Springer}
}


@article{cottineau2017metazipf,
  title={MetaZipf. A dynamic meta-analysis of city size distributions},
  author={Cottineau, Cl{\'e}mentine},
  journal={PloS one},
  volume={12},
  number={8},
  pages={e0183919},
  year={2017},
  publisher={Public Library of Science San Francisco, CA USA}
}

@article{pumain2018evolutionary,
  title={An evolutionary theory of urban systems},
  author={Pumain, Denise},
  journal={International and transnational perspectives on urban systems},
  pages={3--18},
  year={2018},
  publisher={Springer}
}

@inproceedings{raimbault2017applied,
  title={An Applied Knowledge Framework to Study Complex Systems},
  author={Raimbault, Juste},
  booktitle={Complex Systems Design \& Management},
  pages={31--45},
  year={2017}
}


@article{cuyala2015affirmation,
  title={L’affirmation de la g{\'e}ographie quantitative fran{\c{c}}aise au c{\oe}ur d’un moment d’{\'e}bullition disciplinaire (1972-1984)},
  author={Cuyala, Sylvain},
  journal={Bulletin de l’association de g{\'e}ographes fran{\c{c}}ais. G{\'e}ographies},
  volume={92},
  number={92-1},
  pages={67--83},
  year={2015},
  publisher={Association de g{\'e}ographes fran{\c{c}}ais}
}

@article{livet2010ontology,
  title={Ontology, a Mediator for Agent-Based Modeling in Social Science},
  author={Livet, Pierre and Muller, Jean-Pierre and Phan, Denis and Sanders, Lena},
  journal={Journal of Artificial Societies and Social Simulation},
  volume={13},
  number={1},
  pages={3},
  year={2010}
}

